@article{distributed_systems_challenges,
  doi = {10.4236/ijids.2020.41001},
  url = {https://doi.org/10.4236/ijids.2020.41001},
  year = {2020},
  publisher = {Scientific Research Publishing,  Inc.},
  volume = {04},
  number = {01},
  pages = {1--13},
  author = {Ion-Alexandru Secara},
  title = {Challenges and Considerations in Developing and Architecting Large-Scale Distributed Systems},
  journal = {International Journal of Internet and Distributed Systems}
}

@article{computational_fields_theory,
  doi = {10.1145/3285956},
  url = {https://doi.org/10.1145/3285956},
  year = {2019},
  month = jan,
  publisher = {Association for Computing Machinery ({ACM})},
  volume = {20},
  number = {1},
  pages = {1--55},
  author = {Giorgio, Audrito and Mirko, Viroli and Ferruccio, Damiani and Danilo, Pianini and Jacob, Beal},
  title = {A Higher-Order Calculus of Computational Fields},
  journal = {{ACM} Transactions on Computational Logic}
}

@article{share_operator,
  doi = {10.48550/ARXIV.1910.02874},
  url = {https://arxiv.org/abs/1910.02874},
  author = {Audrito, Giorgio and Beal, Jacob and Damiani, Ferruccio and Pianini, Danilo and Viroli, Mirko},
  title = {Field-based Coordination with the Share Operator},
  publisher = {arXiv},
  year = {2019},
  month = {09},
  pages = {1-41},
  copyright = {Creative Commons Attribution 4.0 International}
}

@article{aggregate_programmig_iot,
  doi = {10.1109/mc.2015.261},
  url = {https://doi.org/10.1109/mc.2015.261},
  year = {2015},
  month = sep,
  publisher = {Institute of Electrical and Electronics Engineers ({IEEE})},
  volume = {48},
  number = {9},
  pages = {22--30},
  author = {Jacob, Beal and Danilo, Pianini and Mirko, Viroli},
  title = {Aggregate Programming for the Internet of Things},
  journal = {Computer}
}

@inproceedings{protelis_introduction,
  doi = {10.1145/2695664.2695913},
  url = {https://doi.org/10.1145/2695664.2695913},
  year = {2015},
  month = {4},
  publisher = {{ACM}},
  author = {Danilo, Pianini and Mirko, Viroli and Jacob, Beal},
  title = {Protelis},
  booktitle = {Proceedings of the 30th Annual {ACM} Symposium on Applied Computing}
}

@article{alchemist,
	doi = {10.1057/jos.2012.27},
	url = {https://doi.org/10.1057%2Fjos.2012.27},
	year = 2013,
	month = {aug},
	publisher = {Informa {UK} Limited},
	volume = {7},
	number = {3},
	pages = {202--215},
	author = {D Pianini and S Montagna and M Viroli},
	title = {Chemical-oriented simulation of computational systems with {ALCHEMIST}},
	journal = {Journal of Simulation}
}

@article{scafi_introduction,
  doi = {10.1016/j.softx.2022.101248},
  url = {https://doi.org/10.1016/j.softx.2022.101248},
  year = {2022},
  month = {12},
  publisher = {Elsevier {BV}},
  volume = {20},
  pages = {101248},
  author = {Roberto, Casadei and Mirko, Viroli and Gianluca, Aguzzi and Danilo, Pianini},
  title = {{ScaFi}: A Scala {DSL} and Toolkit for Aggregate Programming},
  journal = {{SoftwareX}}
}

@inproceedings{fcpp_introduction,
  doi = {10.1109/acsos49614.2020.00037},
  url = {https://doi.org/10.1109/acsos49614.2020.00037},
  year = {2020},
  month = aug,
  publisher = {{IEEE}},
  author = {Giorgio Audrito},
  title = {{FCPP}: an efficient and extensible Field Calculus framework},
  booktitle = {2020 {IEEE} International Conference on Autonomic Computing and Self-Organizing Systems ({ACSOS})}
}

@article{self_stabilisation_functions,
author = {Viroli, Mirko and Audrito, Giorgio and Beal, Jacob and Damiani, Ferruccio and Pianini, Danilo},
title = {Engineering Resilient Collective Adaptive Systems by Self-Stabilisation},
year = {2018},
issue_date = {April 2018},
publisher = {Association for Computing Machinery},
address = {New York, NY, USA},
volume = {28},
number = {2},
issn = {1049-3301},
url = {https://doi.org/10.1145/3177774},
doi = {10.1145/3177774},
journal = {ACM Trans. Model. Comput. Simul.},
month = {mar},
articleno = {16}
}

@incollection{field_calculus,
  doi = {10.1007/978-3-319-92408-3_1},
  url = {https://doi.org/10.1007/978-3-319-92408-3_1},
  year = {2018},
  publisher = {Springer International Publishing},
  pages = {1--20},
  author = {Giorgio Audrito and Jacob Beal and Ferruccio Damiani and Mirko Viroli},
  title = {Space-Time Universality of Field Calculus},
  booktitle = {Lecture Notes in Computer Science}
}
